@misc{Ford2013,
author = {Ford, Dana},
month = {oct},
title = {{Docs shielded Cheney defibrillator from hacks - CNN}},
url = {https://edition.cnn.com/2013/10/20/us/dick-cheney-gupta-interview/index.html},
urldate = {2020-09-24},
year = {2013}
}
@misc{Follorou2013,
author = {Johann{\`{e}}s, Franck and Follorou, Jacques},
month = {jul},
title = {{R{\'{e}}v{\'{e}}lations sur le Big Brother fran{\c{c}}ais}},
url = {https://www.lemonde.fr/societe/article/2013/07/04/revelations-sur-le-big-brother-francais_3441973_3224.html},
urldate = {2020-09-24},
year = {2013}
}
@misc{Derix2013,
author = {Derix, Steven and Greenwald, Glenn and Modderkolk, Huib},
title = {{AIVD hackt internetfora, â€˜tegen wet in' - NRC}},
url = {https://www.nrc.nl/nieuws/2013/11/30/aivd-hackt-internetfora-tegen-wet-in-a1429283},
urldate = {2020-09-24},
year = {2013}
}
@misc{Rodriguez2014,
author = {Rodriguez, Salvador},
month = {mar},
title = {{1 in 10 in a survey think HTML is an STD - Los Angeles Times}},
url = {https://www.latimes.com/business/technology/la-fi-tn-1-10-americans-html-std-study-finds-20140304-story.html},
urldate = {2020-09-24},
year = {2014}
}
@misc{Eeckhaut2014,
author = {Eeckhaut, Mark and {Vanhecke Nikolas}},
title = {{NSA hackt Belgische cyberprof - De Standaard}},
url = {https://www.standaard.be/cnt/dmf20140131_049},
urldate = {2020-09-24},
year = {2014}
}
@misc{Cade2014,
author = {Cade, Dl},
month = {aug},
title = {{Here's How iPhone Thermal Cameras Can Be Used to Steal Your Pin Codes}},
url = {https://petapixel.com/2014/08/29/heres-iphone-thermal-cameras-can-used-steal-pin-codes/},
urldate = {2020-10-03},
year = {2014}
}
@misc{Anthony2013,
author = {Anthony, Sebastian},
month = {dec},
title = {{Researchers crack the world's toughest encryption by listening to the tiny sounds made by your computer's CPU - ExtremeTech}},
url = {https://www.extremetech.com/extreme/173108-researchers-crack-the-worlds-toughest-encryption-by-listening-to-the-tiny-sounds-made-by-your-computers-cpu},
urldate = {2020-10-03},
year = {2013}
}
